<record><leader>00000cas a22000007a 4500</leader><controlfield tag="001">11801611</controlfield><controlfield tag="008">850313d18521854wiuwr ne      0    0eng d</controlfield><datafield ind1=" " ind2=" " tag="010"><subfield code="a">sn 85040304 </subfield></datafield><datafield ind1=" " ind2=" " tag="040"><subfield code="a">NPV</subfield><subfield code="b">eng</subfield><subfield code="c">NPV</subfield><subfield code="d">PPM</subfield><subfield code="d">NVH</subfield><subfield code="d">KRTAS</subfield><subfield code="d">UBY</subfield><subfield code="d">OCLCQ</subfield><subfield code="d">OCLCF</subfield><subfield code="d">OCLCO</subfield></datafield><datafield ind1=" " ind2=" " tag="042"><subfield code="a">msc</subfield></datafield><datafield ind1=" " ind2=" " tag="043"><subfield code="a">n-us-wi</subfield></datafield><datafield ind1=" " ind2=" " tag="045"><subfield code="a">w5w5</subfield></datafield><datafield ind1=" " ind2=" " tag="052"><subfield code="a">4123</subfield><subfield code="b">K4</subfield></datafield><datafield ind1="0" ind2="0" tag="245"><subfield code="a">Kenosha tribune.</subfield></datafield><datafield ind1="1" ind2="7" tag="246"><subfield code="a">Tribune</subfield></datafield><datafield ind1=" " ind2=" " tag="260"><subfield code="a">Kenosha [Wis.] :</subfield><subfield code="b">J.A. Butts &amp; G.R. West</subfield></datafield><datafield ind1=" " ind2=" " tag="300"><subfield code="a">v.</subfield></datafield><datafield ind1=" " ind2=" " tag="310"><subfield code="a">Weekly</subfield></datafield><datafield ind1="0" ind2=" " tag="362"><subfield code="a">Vol. 1, no. 1 (July 8, 1852)-v. 3, no. 25 (Dec. 28, 1854).</subfield></datafield><datafield ind1=" " ind2="0" tag="651"><subfield code="a">Kenosha (Wis.)</subfield><subfield code="v">Newspapers.</subfield></datafield><datafield ind1=" " ind2="7" tag="655"><subfield code="a">Newspapers.</subfield><subfield code="2">fast</subfield><subfield code="0">(OCoLC)fst01423814</subfield></datafield><datafield ind1=" " ind2="7" tag="651"><subfield code="a">Wisconsin</subfield><subfield code="z">Kenosha.</subfield><subfield code="2">fast</subfield><subfield code="0">(OCoLC)fst01203049</subfield></datafield><datafield ind1=" " ind2=" " tag="752"><subfield code="a">United States</subfield><subfield code="b">Wisconsin</subfield><subfield code="c">Kenosha</subfield><subfield code="d">Kenosha.</subfield></datafield><datafield ind1="0" ind2="7" tag="785"><subfield code="t">Kenosha telegraph (Kenosha, Wis. : 1850)</subfield><subfield code="w">(DLC)sn 85040305</subfield></datafield><datafield ind1="0" ind2="7" tag="785"><subfield code="t">Kenosha tribune and telegraph (Kenosha, Wis. : 1855)</subfield><subfield code="w">(DLC)sn 85040306</subfield></datafield><datafield ind1=" " ind2=" " tag="938"><subfield code="a">Kirtas Technologies, Inc.</subfield><subfield code="b">KRTS</subfield><subfield code="n">739072</subfield></datafield></record>